@article{sulzer2021python,
  title={Python battery mathematical modelling (PyBaMM)},
  author={Sulzer, Valentin and Marquis, Scott G and Timms, Robert and Robinson, Martin and Chapman, S Jon},
  journal={Journal of Open Research Software},
  volume={9},
  number={1},
  year={2021},
  publisher={Ubiquity Press}
}

@article{CiriaAylagas2022,
year = {2022},
publisher = {IOP Publishing},
volume = {169},
number = {9},
author = {Ciria Aylagas, Raul and Ganuza, Clara and Parra, Ruben and Ya√±ez, Maria and Ayerbe, Elixabete},
title = {cideMOD: An Open Source Tool for Battery Cell Inhomogeneous Performance Understanding},
journal = {Journal of The Electrochemical Society}
}

@article{torchio2016lionsimba,
  title={Lionsimba: a matlab framework based on a finite volume model suitable for li-ion battery design, simulation, and control},
  author={Torchio, Marcello and Magni, Lalo and Gopaluni, R Bhushan and Braatz, Richard D and Raimondo, Davide M},
  journal={Journal of The Electrochemical Society},
  volume={163},
  number={7},
  pages={A1192},
  year={2016},
  publisher={IOP Publishing}
}

@article{Berliner_2021,
	doi = {10.1149/1945-7111/ac201c},
	year = 2021,
	month = {sep},
	publisher = {The Electrochemical Society},
	volume = {168},
	number = {9},
	pages = {090504},
	author = {Marc D. Berliner and Daniel A. Cogswell and Martin Z. Bazant and Richard D. Braatz},
	title = {Methods{\textemdash}{PETLION}: Open-Source Software for Millisecond-Scale Porous Electrode Theory-Based Lithium-Ion Battery Simulations},
	journal = {Journal of The Electrochemical Society},
}

