@article{Zhang_2007,
  title =        {Comparison of approximate solution methods for the solid phase diffusion equation in a porous
                  electrode model},
  volume =       165,
  ISSN =         {0378-7753},
  url =          {http://dx.doi.org/10.1016/j.jpowsour.2006.12.056},
  DOI =          {10.1016/j.jpowsour.2006.12.056},
  number =       2,
  journal =      {Journal of Power Sources},
  publisher =    {Elsevier BV},
  author =       {Zhang, Qi and White, Ralph E.},
  year =         2007,
  month =        mar,
  pages =        {880–886}
}

@article{Doyle_1993,
  title =        {Modeling of Galvanostatic Charge and Discharge of the Lithium/Polymer/Insertion Cell},
  volume =       140,
  ISSN =         {1945-7111},
  url =          {http://dx.doi.org/10.1149/1.2221597},
  DOI =          {10.1149/1.2221597},
  number =       6,
  journal =      {Journal of The Electrochemical Society},
  publisher =    {The Electrochemical Society},
  author =       {Doyle, Marc and Fuller, Thomas F. and Newman, John},
  year =         1993,
  month =        jun,
  pages =        {1526–1533}
}

@article{stanislaw2019modeling,
  title =        {Modeling electrolyte composition effects on anion-exchange-membrane water electrolyzer performance},
  author =       {Stanislaw, Lauren N and Gerhardt, Michael R and Weber, Adam Z},
  journal =      {ECS Transactions},
  volume =       92,
  number =       8,
  pages =        767,
  year =         2019,
  publisher =    {IOP Publishing}
}

@inproceedings{gerhardt2023open,
  title =        {An Open-Source Continuum Model for Anion-Exchange Membrane Water Electrolysis},
  author =       {Gerhardt, Michael Robert and Barnett, Alejandro O and Khoza, Thulile and Fortin, Patrick and
                  Andrenacci, Sara and Faid, Alaa Y and Karstensen, P{\aa}l Emil England and Sunde, Svein and Clark,
                  Simon},
  booktitle =    {Electrochemical Society Meeting Abstracts 243},
  number =       36,
  pages =        {2002--2002},
  year =         2023,
  organization = {The Electrochemical Society, Inc.}
}

@article{zhang2007comparison,
  title =        {Comparison of approximate solution methods for the solid phase diffusion equation in a porous
                  electrode model},
  author =       {Zhang, Qi and White, Ralph E},
  journal =      {Journal of power sources},
  volume =       165,
  number =       2,
  pages =        {880--886},
  year =         2007,
  publisher =    {Elsevier},
  doi =          {10.1016/j.jpowsour.2006.12.056},
}

@incollection{Latz2011,
  doi =          {10.1007/978-3-642-18466-6_39},
  year =         2011,
  publisher =    {Springer Berlin Heidelberg},
  pages =        {329--337},
  author =       {Arnulf Latz and Jochen Zausch and Oleg Iliev},
  title =        {Modeling of Species and Charge Transport in Li{\textendash}Ion Batteries Based on Non-equilibrium
                  Thermodynamics},
  booktitle =    {Numerical Methods and Applications}
}

@article{Latz2013,
  doi =          {10.1016/j.electacta.2013.06.043},
  year =         2013,
  month =        {nov},
  publisher =    {Elsevier {BV}},
  volume =       110,
  pages =        {358--362},
  author =       {Arnulf Latz and Jochen Zausch},
  title =        {Thermodynamic derivation of a Butler{\textendash}Volmer model for intercalation in Li-ion batteries},
  journal =      {Electrochimica Acta}
}

@misc{Latz2016,
  doi =          {10.1515/nano.bjneah.6.102},
  year =         2016,
  month =        {jul},
  publisher =    {De Gruyter},
  author =       {Arnulf Latz and Jochen Zausch},
  title =        {Multiscale modeling of lithium ion batteries: thermal aspects}
}

@article{Chen2020DevelopmentModels,
  title =        {{Development of Experimental Techniques for Parameterization of Multi-scale Lithium-ion Battery
                  Models}},
  year =         2020,
  journal =      {Journal of The Electrochemical Society},
  author =       {Chen, Chang-Hui and Planella, Ferran and O’Regan, Kieran and Gastol, Dominika and Widanagea, Dhammika
                  and Kendrick, Emma},
  pages =        080534,
  volume =       167,
  publisher =    {IOP Publishing},
  doi =          {10.1149/1945-7111/ab9050}
}

@article{XU2015303,
  title =	 {{A pseudo three-dimensional electrochemical–thermal
                  model of a prismatic LiFePO4 battery during
                  discharge process}},
  journal =	 {Energy},
  volume =	 {80},
  pages =	 {303-317},
  year =	 {2015},
  issn =	 {0360-5442},
  doi =		 {10.1016/j.energy.2014.11.073},
  author =	 {Meng Xu and Zhuqian Zhang and Xia Wang and Li Jia
                  and Lixin Yang}
}

@article{Safari_2009,
  doi =          {10.1149/1.3043429},
  year =         2009,
  publisher =    {The Electrochemical Society},
  volume =       156,
  number =       3,
  pages =        {A145},
  author =       {M. Safari and M. Morcrette and A. Teyssot and C. Delacourt},
  title =        {Multimodal Physics-Based Aging Model for Life Prediction of Li-Ion Batteries},
  journal =      {Journal of The Electrochemical Society}
}

@article{BOLAY2022100083,
title = {Microstructure-resolved degradation simulation of lithium-ion batteries in space applications},
journal = {Journal of Power Sources Advances},
volume = {14},
pages = {100083},
year = {2022},
issn = {2666-2485},
doi = {10.1016/j.powera.2022.100083},
author = {Linda J. Bolay and Tobias Schmitt and Simon Hein and Omar S. Mendoza-Hernandez and Eiji Hosono and Daisuke Asakura and Koichi Kinoshita and Hirofumi Matsuda and Minoru Umeda and Yoshitsugu Sone and Arnulf Latz and Birger Horstmann},
}